<record><leader>00000cas a2200000 a 4500</leader><controlfield tag="001">18394549</controlfield><controlfield tag="008">880824d191u2001iluwr ne      0   a0eng c</controlfield><datafield ind1=" " ind2=" " tag="010"><subfield code="a">sn 88084094 </subfield></datafield><datafield ind1=" " ind2=" " tag="040"><subfield code="a">PPM</subfield><subfield code="b">eng</subfield><subfield code="c">PPM</subfield><subfield code="d">NVF</subfield><subfield code="d">OCLCQ</subfield><subfield code="d">NVF</subfield><subfield code="d">OCLCF</subfield><subfield code="d">NVF</subfield><subfield code="d">OCLCO</subfield><subfield code="d">OCL</subfield></datafield><datafield ind1="1" ind2=" " tag="029"><subfield code="a">AU@</subfield><subfield code="b">000020520905</subfield></datafield><datafield ind1=" " ind2=" " tag="042"><subfield code="a">pcc</subfield></datafield><datafield ind1=" " ind2=" " tag="043"><subfield code="a">n-us-il</subfield></datafield><datafield ind1="0" ind2="4" tag="245"><subfield code="a">The Minonk news-dispatch.</subfield></datafield><datafield ind1="1" ind2="7" tag="246"><subfield code="a">Woodford County journal, Roanoke review, Minonk news-dispatch</subfield><subfield code="f">&lt;Jan. 5, 1995&gt;-Nov. 8, 2001</subfield></datafield><datafield ind1="3" ind2=" " tag="246"><subfield code="a">Minonk news dispatch</subfield></datafield><datafield ind1="3" ind2=" " tag="246"><subfield code="a">Woodford County journal, Roanoke review, Minonk news dispatch</subfield></datafield><datafield ind1=" " ind2=" " tag="260"><subfield code="a">Minonk, Ill. :</subfield><subfield code="b">C.R. Denson</subfield></datafield><datafield ind1=" " ind2=" " tag="300"><subfield code="a">v.</subfield></datafield><datafield ind1=" " ind2=" " tag="310"><subfield code="a">Weekly</subfield></datafield><datafield ind1="0" ind2=" " tag="362"><subfield code="a">-v. 67, no. 45 (Nov. 8, 2001).</subfield></datafield><datafield ind1=" " ind2=" " tag="580"><subfield code="a">Formed by the union of: Minonk dispatch and: Minonk news.</subfield></datafield><datafield ind1=" " ind2=" " tag="588"><subfield code="a">Description based on: Vol. 44, no. 39 (Nov. 16, 1916).</subfield></datafield><datafield ind1=" " ind2="0" tag="651"><subfield code="a">Minonk (Ill.)</subfield><subfield code="v">Newspapers.</subfield></datafield><datafield ind1=" " ind2="0" tag="651"><subfield code="a">Roanoke (Ill.)</subfield><subfield code="v">Newspapers.</subfield></datafield><datafield ind1=" " ind2="0" tag="651"><subfield code="a">Woodford County (Ill.)</subfield><subfield code="v">Newspapers.</subfield></datafield><datafield ind1=" " ind2="7" tag="655"><subfield code="a">Newspapers.</subfield><subfield code="2">fast</subfield><subfield code="0">(OCoLC)fst01423814</subfield></datafield><datafield ind1=" " ind2="7" tag="651"><subfield code="a">Illinois</subfield><subfield code="z">Minonk.</subfield><subfield code="2">fast</subfield><subfield code="0">(OCoLC)fst01214729</subfield></datafield><datafield ind1=" " ind2="7" tag="651"><subfield code="a">Illinois</subfield><subfield code="z">Roanoke.</subfield><subfield code="2">fast</subfield><subfield code="0">(OCoLC)fst01294509</subfield></datafield><datafield ind1=" " ind2="7" tag="651"><subfield code="a">Illinois</subfield><subfield code="z">Woodford County.</subfield><subfield code="2">fast</subfield><subfield code="0">(OCoLC)fst01216313</subfield></datafield><datafield ind1=" " ind2=" " tag="752"><subfield code="a">United States</subfield><subfield code="b">Illinois</subfield><subfield code="c">Woodford</subfield><subfield code="d">Minonk.</subfield></datafield><datafield ind1="1" ind2="4" tag="780"><subfield code="t">Minonk dispatch</subfield><subfield code="w">(DLC)sn 90054593</subfield><subfield code="w">(OCoLC)22439665</subfield></datafield><datafield ind1="1" ind2="4" tag="780"><subfield code="t">Minonk news</subfield><subfield code="w">(DLC)sn 90054598</subfield><subfield code="w">(OCoLC)22439719</subfield></datafield><datafield ind1="0" ind2="4" tag="785"><subfield code="t">Woodford County journal (Eureka, Ill. : 1913)</subfield><subfield code="w">(LCD)sn 90054578</subfield><subfield code="w">(OCoLC)22251295</subfield></datafield></record>